3250 5117
338 593 392 659 146
555 581 1139 646 trauvrtssrttwottrs:

340 747 595 842 synonymon
613 747 795 842 optimum
818 758 880 816 aut
899 740 1060 820 auctoris
1071 750 1272 847 proprium
1286 764 1347 824 aut

440 844 531 921 alius
544 842 714 921 teretrum
733 870 866 948 agmen
879 843 999 921 ducat.
1187 926 1198 945 ,

338 947 553 1026 secundum
575 965 720 1047 tempus
739 967 1002 1050 proponuntur
1019 942 1256 1052 synonyma,
1283 953 1343 1030 vel

442 1049 700 1128 descendendo
721 1051 765 1127 ab
788 1048 1040 1150 antiquissimis
1065 1054 1111 1131 ad
1131 1081 1259 1155 noua,
1285 1059 1340 1134 vel

367 1204 370 1213 ι
442 1150 670 1231 ascendendo
685 1181 705 1230 a
721 1162 830 1231 nouis
847 1156 892 1230 ad
907 1152 1033 1256 prisca.

338 1259 596 1361 Synonymiac
616 1257 786 1333 ordinem
802 1255 1073 1357 systematicum
1087 1270 1215 1364 recepi
1229 1262 1337 1367 syno-

440 1369 572 1486 nymia
586 1359 770 1515 {electiori
787 1378 996 1439 contentus.
1044 1365 1338 1489 Incepianomi-

439 1465 563 1644 lile·
578 1463 1335 1678 ‚llillllllealissstllllllll:

437 1673 805 1776 ichniographorum.

797 1919 829 2026 i·
847 1944 882 2016 7·

336 2052 563 2195 Synonyma
585 2084 724 2194 singula
741 2115 880 2168 nouam
902 2091 1094 2172 ordiantur
1112 2095 1273 2201 lineam,
1297 2115 1331 2180 vt

439 2225 487 2276 eo
506 2195 648 2273 facilius
667 2193 939 2295 dignoscantur.

337 2303 489 2382 Plurimi
503 2307 671 2402 inprimis
685 2314 830 2376 veteres
845 2299 1085 2401 Entomologi
1099 2310 1228 2381 omnia
1249 2304 1332 2407 lyn-

439 2430 580 2506 onyma
614 2428 680 2504 per
714 2402 847 2479 seriem
880 2411 1134 2482 continuatam
1177 2417 1331 2490 recitare

435 2507 576 2606 solent,
601 2531 679 2606 quo
693 2503 834 2583 facilius
848 2505 1167 2586 commisceantur.

336 2609 416 2692 Alii
435 2632 474 2692 et
492 2636 633 2688 nomen
656 2617 872 2708 genen'cum
893 2608 1066 2712 sequens,
1097 2607 1126 2687 s1
1152 2612 1259 2691 idem
1286 2611 1330 2696 cll

364 2782 371 2786 .
437 2741 525 2793 cum
539 2713 1151 2818 praecedente,excluderesolent.
1204 2721 1342 2805 Minus.-

436 2839 561 2896 tamen
580 2819 660 2896 talis
683 2816 909 2894 abbreuiatio
923 2819 1062 2921 placet,
1084 2844 1204 2922 quum
1219 2821 1329 2924 syrio·

433 2929 606 3024 nymiam
618 2918 922 3002 indistincliorem
938 2921 1112 3002 reddat'
1204 2979 1210 2989 ·
1270 2932 1274 2941 '

793 3173 874 3280 ra·
1264 3276 1270 3283 ,

208 3356 212 3370 ·
302 3414 305 3419 .
328 3283 377 3426 ¹ln
398 3344 623 3448 synonymis
644 3346 774 3426 auiior
797 3362 836 3425 et
856 3355 988 3450 pagina
1004 3347 1140 3451 ubique
1154 3351 1203 3430 ad
1218 3347 1324 3434 finem

407 3490 411 3499 ·
432 3450 731 3530 indicandasunt.
1147 3532 1155 3552 ,

332 3553 510 3636 Aullorls
529 3582 672 3633 nomen
686 3554 805 3634 solum
819 3555 916 3633 haud
928 3553 1073 3643 sufficit,
1100 3583 1217 3660 quum
1234 3561 1324 3638 idem

433 3661 562 3738 auctor
573 3662 676 3762 plura
692 3658 830 3764 saepius
846 3655 975 3761 scripta
984 3661 1225 3760 euulgauerio
1273 3668 1324 3742 ln·

433 3763 598 3840 claruere
619 3772 728 3841 etiam
749 3762 888 3867 saepius
910 3765 987 3841 duo
1006 3786 1068 3842 aut
1088 3768 1213 3866 plures
1226 3777 1324 3848 eius·

430 3867 516 3944 dem
537 3870 899 3966 nominisautlores‚
921 3886 983 3946 aut
995 3867 1142 3970 poliunt
1154 3878 1196 3946 in
1209 3872 1324 3974 poste-

430 3994 515 4051 rum
536 3974 684 4072 prodire
702 3970 1003 4068 inclarescentes,
1030 3998 1105 4075 quo
1122 3981 1251 4055 citatio
1265 3976 1324 4056 ob·

431 4070 556 4171 scura,
578 4073 688 4151 fallax
702 4095 739 4152 et
752 4083 892 4153 incerta
908 4077 1038 4154 euadit.
1205 4064 1217 4093 '

328 4168 584 4281 Opus-solum
612 4203 682 4280 pro
709 4187 886 4257 citatione
909 4180 1006 4257 haud
1028 4178 1182 4281 sufficit,
1214 4204 1324 4284 quum

430 4282 534 4383 plura
548 4288 622 4361 iam
641 4283 847 4393 prodiere,
862 4301 924 4363 aut
936 4285 1139 4391 prodibunt
1156 4293 1200 4365 in
1232 4285 1323 4365 oste·

1243 4413 1322 4470 rum
