3250 5117
349 575 388 638 :⁴
473 556 1044 627 wuoirrrrru'Tiauv
1198 577 1248 652 ιη

329 771 335 784 .
410 720 602 803 Hippobosca
615 719 670 784 alia
687 713 856 785 fabulatio.¹

362 835 365 842 ·
411 806 603 892 Hippobosca
617 806 669 869 alia
682 799 786 871 nullia.

410 896 554 956 Acanthia
567 893 622 956 alis
640 892 741 959 nullis.

410 976 562 1043 attelabus
581 980 707 1062 pedibus
721 976 890 1042 saltatoriis.

271 1069 276 1078 ⁴
410 1069 585 1138 Stratiomya
600 1063 722 1128 scutelle
740 1065 921 1128 sexdentato.

410 1150 505 1233 Hispa
516 1156 613 1235 rapite
626 1154 756 1216 bicorni.

409 1239 548 1303 Notoxua
564 1240 684 1300 thorace
697 1240 728 1298 in
742 1258 838 1300 cornu
854 1233 1007 1318 protenso.

409 1322 612 1408 Scolopendra
623 1325 747 1412 pedibue
765 1323 932 1387 duodeeim.

698 1525 732 1619 §-
746 1548 794 1615 ³2·

243 1661 463 1773 Differentia
486 1660 656 1774 specifica
672 1693 748 1774 quo
761 1672 934 1766 breuior,
962 1693 1010 1750 eo
1023 1671 1132 1751 etiam
1145 1689 1246 1754 cete·
1348 1711 1352 1728 =

349 1783 399 1854 ris
414 1774 562 1880 paribus
579 1775 828 1878 praestantior.

238 1875 408 1958 ‘Breuitas
431 1877 655 1957 differentiae
679 1879 723 1958 ad
740 1875 1071 1983 pulchritudinem,
1095 1885 1247 1984 ¹certitu·

223 2011 226 2016 ·
347 1983 472 2061 dinem
485 1998 522 2058 et
535 1980 744 2063 facilitatem
759 1979 918 2062 omnino
934 1979 1141 2062 necessaria.
1169 1984 1245 2062 Na·
1326 2017 1332 2024 ·

346 2106 429 2166 tura
447 2084 520 2189 ipsa
546 2085 683 2191 ubique
704 2083 1061 2192 compendiofiiiuna
1078 2103 1117 2166 et
1137 2103 1245 2166 natu·

341 2203 420 2270 ram
434 2188 533 2292 sequi
552 2191 718 2293 undique
732 2192 881 2284 iuuabit.
1188 2271 1191 2278 ,

243 2297 502 2378 Differentiam
518 2317 711 2396 nunquam
726 2296 830 2398 plura
845 2321 953 2397 quam
968 2293 1165 2374 duodecim
1172 2319 1244 2380 vu·

345 2399 471 2478 cabula
484 2399 674 2484 admittere
689 2397 808 2477 statuit
819 2398 943 2477 Linnd
958 2405 997 2475 in
1014 2417 1055 2476 re·
1064 2398 1245 2477 herbaria.

244 2497 433 2584 Su'fficiant
459 2511 568 2579 etiam
585 2507 624 2579 in
636 2504 920 2603 Entomologia,
943 2508 1033 2605 quin
1047 2527 1133 2580 raro
1148 2501 1244 2584 duo·

344 2608 465 2686 decim
481 2607 797 2710 opushabeamus.

243 2711 450 2820 stupendae
472 2718 593 2812 itaque
613 2708 696 2788 sunt
718 2710 945 2789 differentiae
963 2708 1045 2786 illae
1060 2707 1244 2816 sesquipe·

252 2859 258 2872 ·
348 2816 469 2913 dales,
493 2841 585 2918 quae
604 2814 865 2921 descriptiones
883 2811 1174 2893 differentiarum
1185 2817 1245 2897 lo·

350 2944 398 3000 co
414 2915 549 2998 sistunt.

248 3047 535 3120 Phalaenalibatrix.
577 3061 661 3140 Scop.
748 3133 752 3138 ι
1225 3123 1233 3138 ,

288 3138 359 3203 Alae
384 3146 499 3204 anticae
520 3147 672 3210 ceruinam
700 3143 759 3203 basi
779 3139 903 3205 marulii
923 3155 1055 3223 quatuor
1075 3142 1244 3206 orhrareiae
1331 3193 1334 3198 .

454 3225 551 3289 media
566 3226 654 3304 longa
669 3227 854 3311 prismatiea‚
875 3227 970 3289 fasciis
988 3230 1066 3288 binis
1082 3226 1245 3289 linearibus
1335 3287 1337 3292 .

452 3310 680 3398 pallidioriburr
707 3316 818 3397 postica
838 3314 965 3395 duplici,
992 3316 1112 3395 puniiie
1126 3314 1244 3376 duobus

451 3398 546 3479 albia,
565 3404 699 3478 maraine
718 3416 847 3462 externo
868 3399 1049 3462 denticulata
1069 3403 1129 3478 ita,
1150 3416 1187 3464 vt
1198 3400 1246 3462 di·

338 3541 341 3546 .
376 3519 378 3524 .
455 3489 558 3550 itarui'a
570 3491 662 3571 apicii
674 3486 710 3548 ad
726 3490 856 3570 primum
866 3486 984 3547 dentem
992 3486 1093 3547 eadem
1102 3487 1136 3562 iit
1142 3531 1153 3565 ,
1168 3506 1245 3571 quae

454 3574 492 3636 ab
505 3573 613 3638 eodem
628 3573 716 3636 dente
729 3574 765 3636 ad
780 3568 923 3650 angulum
936 3574 1091 3655 posticum.

246 3657 393 3742 thium
406 3676 518 3743 Cossua.
562 3681 646 3762 Srop.

289 3764 417 3828 Thorax
431 3768 527 3828 antire
540 3762 619 3826 linea
633 3763 891 3839 transuersum,
911 3765 1018 3846 postire
1029 3758 1151 3824 marulii
1164 3761 1245 3824 bini·

453 3849 624 3913 lateralibus
639 3855 742 3928 nigris.
785 3850 858 3913 tilae
872 3854 999 3934 posticae
1013 3851 1166 3928 murinae,
1186 3848 1245 3909 basi

455 3937 587 4013 albidae,
608 3937 831 4000 obscurioribus
852 3935 1138 3999 anastomosantibur
1157 3932 1247 3996 lineir

455 4024 627 4089 articulatae
635 4070 645 4099 ,
666 4028 777 4086 anticae
793 4025 850 4087 basi
864 4037 894 4086 et
905 4023 1005 4085 medio
1019 4024 1173 4101 murinae,
1194 4016 1247 4082 ali·

455 4111 489 4175 bi
505 4109 606 4186 albae,
629 4113 773 4193 vtrinque
787 4108 888 4172 lituris
904 4112 1061 4191 strigisque
1076 4104 1248 4170 tranrueriia

438 4187 549 4273 “nigris
568 4193 759 4279 lineolirque
789 4198 917 4260 murini·
944 4195 1127 4279 ramosaque
1151 4193 1249 4254 varit-

455 4299 548 4363 gatae.
889 4305 891 4310 ·

728 4390 799 4463 15·
1135 4384 1250 4444 Cancer
